@book{wsbook1,
  author    = {Wabi-sabi The Great},
  title     = {The World According to Wabi-sabi},
  year      = {1922},
  publisher = {NoWabi-sabi Press},
  address   = {Wabi-sabiland}
}

@book{wsbook2,
  author    = {Wabi-sabi The Great},
  title     = {The World Without Wabi-sabi},
  year      = {1952},
  publisher = {NoWabi-sabi Press},
  address   = {Wabi-sabiland}
}

@article{mepaper1,
  author = {Wabi-sabi Admirer},
  title = {An Analysis of Wabi-sabiism},
  year = {1970},
  journal = {Journal of the Advanced Computing Wabi-sabi},
  volume = 21,
  number = 2,
  pages = {272--287}
}

@article{mepaper2,
  author = {Wabi-sabi Admirer and Jim Smith and Jane Doe},
  title = {Everyday Wabi-sabiism},
  year = {1972},
  journal = {Journal of the Advanced Wabi-sabi Computing},
  volume = 23,
  number = 4,
  pages = {272--287}
}

@misc{guide,
  author = {{Graduate College}},
  title = {Standards for Preparation of Dissertations, Theses \& Projects},
  year = {2021}
}

@misc{mainrepo,
  author = {Amit Jain},
  title = {Style files for PhD Dissertation or M.S. Thesis or Project},
  url = {https://github.com/BoiseState/thesis-dissertation-template},
  year = {2025}
}

@misc{wabisabi,
  author = {Wikipedia},
  title = {Wabi-sabi},
  url = {http://en.wikipedia.org/wiki/Wabi-sabi},
  year = {2025}
}